@book{lamport1994latex,
  title={LaTeX: A Document Preparation System},
  author={Lamport, Leslie},
  year={1994},
  publisher={Addison-Wesley}
}

@article{goossens1993,
  title={The LaTeX Companion},
  author={Goossens, Michel and Mittelbach, Frank and Samarin, Alexander},
  journal={Computers \& Mathematics with Applications},
  volume={25},
  number={2},
  pages={179--187},
  year={1993},
  publisher={Pergamon}
}